@Book{Humes,
  author = 	 {Ana Flora P. de Castro Humes and Inês S. Homem de Melo},
  title = 	 {Noções de Cálculo Numérico},
  publisher = 	 {McGraw-Hill do Brasil},
  year = 	 {1984},
}


@TechReport{Rosa,
  author = 	 {Ricardo M. S. Rosa},
  title = 	 {Equa\c{c}\~oes Diferenciais},
  institution =  {IM - UFRJ},
  year = 	 {2006},
  abstract= "ok" 
}